000400917 FMT   L BK
000400917 LDR   L 00000cam^a2202101^i^4500
000400917 001   L 000400917
000400917 005   L 20160810164123.0
000400917 008   L 060207s2006^^^^fi^|||||||||||||||||fin|^
000400917 015   L $$afx817756$$2skl
000400917 020   L $$a952-471-642-9$$qnidottu
000400917 0248  L $$aA0988973
000400917 035   L $$a(FI-MELINDA)000400917
000400917 040   L $$aFI-NL
000400917 0411  L $$afin$$heng
000400917 042   L $$afinb
000400917 072 7 L $$a80$$2kkaa
000400917 072 7 L $$a89$$2kkaa
000400917 072 7 L $$aML$$2lcco
000400917 072 7 L $$a60$$2kkaa
000400917 080   L $$a78.01
000400917 080   L $$a78.1$$2ykl
000400917 080   L $$a78$$9FENNI<KEEP>
000400917 084   L $$a32.2$$2ykl
000400917 084   L $$a78$$2ykl
000400917 084   L $$a78.1$$2ykl$$9FENNI<KEEP>
000400917 084   L $$a78.1
000400917 1300  L $$aShoot the singer! : music censorship today.
000400917 24510 L $$aAmpukaa artisti! :$$bmusiikkisensuuri nykypäivänä /$$cMarie Korpe (toim.) ; suomentanut Hanna Sola.
000400917 260   L $$aHelsinki :$$bLike,$$c2006$$e(Keuruu :$$fOtavan kirjapaino)
000400917 300   L $$a265 s. ;$$c21 cm
000400917 336   L $$ateksti$$btxt$$2rdacontent
000400917 337   L $$akäytettävissä ilman laitetta$$bn$$2rdamedia
000400917 338   L $$anide$$bnc$$2rdacarrier
000400917 500   L $$aEnglanninkielinen alkuteos: Shoot the singer! : music censorship today
000400917 504   L $$aS. 264-265: Kirjallisuutta.
000400917 50500 L $$81.3\x$$tLauluja teokratian ehdoilla : naismuusikot Iranissa /$$rAmeneh Youssefzadeh --$$tVapauden puolesta : jumalanpilkkaoikeudenkäynnit ja sensuuri Libanonissa /$$rMarcel Khalife --$$tLauluja vapaudelle : kulttuurinen vastarinta Palestiinassa /$$rRania Elias-Khoury --$$tHiljaisuuden ääni : Israelin konformistimuusikot /$$rNoam Ben-Zeev --$$tCrash into me, baby : musiikin sensurointi Yhdysvalloissa syyskuun 11. päivän jälkeen /$$rEric Nuzum --$$tHavanna ja Miami : musiikin ja sensuurin kerroskakku /$$rEric Silva Brenneman --$$tMeksiko : huumeballadit ja nykypäivän sensuuri /$$rElijah Wald --$$tReaktioita sensuuriin Yhdysvalloissa : alistuminen, vetäytyminen, vastarinta /$$rIan Inglis --$$tTurkki : sensuuri eilen ja tänään /$$rŞanar Yurdatapan --$$tRap ja sensuuri Ranskassa /$$rDaniel Brown --$$tKirjoittajista.
000400917 50500 L $$81.2\x$$tStopping the music : sensuuri Etelä-Afrikassa apartheidin aikana /$$rRoger Lucey --$$tRoger, minä ja skorpioni : töissä Etelä-Afrikan turvallisuuspoliisissa apartheidin aikana /$$rPaul Erasmus --$$tKohtaamisia eteläafrikkalaisen sensorin kanssa : konfliktista kohti sovintoa /$$rOle Reitov --$$tVastarinnan aika : taistelu sensuuria vastaan apartheidin ajan Etelä-Afrikassa /$$rMichael Drewett --$$tLeikkiä tulella : musiikin ja muusikkojen manipulointi Zimbabwessa /$$rBanning Eyre --$$tPopmusiikin sissi : Matoub Lounès ja taistelu berberi-identiteetin puolesta Algeriassa /$$rAndy Morgan --
000400917 50500 L $$81.1\x$$tAlkusanat /$$rMikko Saarela --$$tKiitokset /$$rMarie Korpe --$$tEsipuhe /$$rMarie Korpe --$$tMitä musiikin sensuurilla tarkoitetaan? /$$rMartin Cloonan --$$tMusiikki rinnakkaisena valtarakenteena /$$rAlenka Barber-Kersovan --$$tJoutavaa ajanvietettä : islamin konservatiivinen tulkinta musiikista /$$rJonas Otterbeck --$$tMusiikin sensuuri Afganistanissa ennen Talebania ja sen jälkeen /$$rJohn Baily --$$tMusiikkia suurelle johtajalle : sensuuripolitiikka ja käytäntö Pohjois-Koreassa /$$rKeith Howard --$$tBurma (Myanmar) : musiikkia piirityksen keskellä /$$rAung Zaw --$$tUiguristan : politiikka ja taide /$$rKurash Sultan ja Marie Korpe --
000400917 50500 L $$81.3\x$$tLauluja teokratian ehdoilla : naismuusikot Iranissa /$$rAmeneh Youssefzadeh --$$tVapauden puolesta : jumalanpilkkaoikeudenkäynnit ja sensuuri Libanonissa /$$rMarcel Khalife --$$tLauluja vapaudelle : kulttuurinen vastarinta Palestiinassa /$$rRania Elias-Khoury --$$tHiljaisuuden ääni : Israelin konformistimuusikot /$$rNoam Ben-Zeev --$$tCrash into me, baby : musiikin sensurointi Yhdysvalloissa syyskuun 11. päivän jälkeen /$$rEric Nuzum --$$tHavanna ja Miami : musiikin ja sensuurin kerroskakku /$$rEric Silva Brenneman --$$tMeksiko : huumeballadit ja nykypäivän sensuuri /$$rElijah Wald --$$tReaktioita sensuuriin Yhdysvalloissa : alistuminen, vetäytyminen, vastarinta /$$rIan Inglis --$$tTurkki : sensuuri eilen ja tänään /$$rŞanar Yurdatapan --$$tRap ja sensuuri Ranskassa /$$rDaniel Brown --$$tKirjoittajista.
000400917 5268  L $$iKurssikirja$$aMUSI2157$$x2013$$ztai mus.$$5FI-T
000400917 579   L $$aXLUETTELOITU$$blamk
000400917 650 7 L $$avaikutukset$$2ysa
000400917 650 7 L $$ayhteiskunta$$2ysa
000400917 650 7 L $$aapartheid$$2ysa
000400917 650 7 L $$apoliittinen kontrolli$$xmusiikki$$2ysa
000400917 650 7 L $$ayhteiskuntakritiikki$$xmusiikki$$2ysa
000400917 650 7 L $$asyrjintä$$xmusiikki$$2ysa
000400917 650 7 L $$amusiikki$$2ysa$$9FENNI<KEEP>
000400917 65007 L $$amusiikkipolitiikka$$2ysa
000400917 650 7 L $$amusiikki$$xsensuuri$$2ysa
000400917 650 7 L $$aislam$$2ysa
000400917 65007 L $$asensuuri$$xmusiikki$$2ysa
000400917 65007 L $$amusiikkisosiologia$$2ysa
000400917 650 7 L $$asensuuri$$2ysa$$9FENNI<KEEP>
000400917 650 7 L $$auskonnollinen syrjintä$$xmusiikki$$zLähi-itä$$2ysa
000400917 650 7 L $$aetninen syrjintä$$xmusiikki$$zAfrikka$$2ysa
000400917 650 7 L $$arotusyrjintä$$xmusiikki$$zEtelä-Afrikka$$2ysa
000400917 650 7 L $$asukupuolisyrjintä$$xmusiikki$$zLähi-itä$$2ysa
000400917 650 7 L $$amusiikki$$xsensuuri$$zPohjois-Amerikka$$2ysa
000400917 650 7 L $$amusiikki$$xsensuuri$$zEtelä-Amerikka$$2ysa
000400917 650 7 L $$amusiikki$$xsensuuri$$zAasia$$2ysa
000400917 650 7 L $$amusiikki$$xsensuuri$$zEurooppa$$2ysa
000400917 650 7 L $$asensuuri$$2ysa
000400917 650 7 L $$amusiikki$$2ysa
000400917 650 7 L $$auskonnollinen syrjintä$$2ysa
000400917 650 7 L $$aLähi-itä$$2ysa
000400917 650 7 L $$aetninen syrjintä$$2ysa
000400917 650 7 L $$aAfrikka$$2ysa
000400917 650 7 L $$arotusyrjintä$$2ysa
000400917 650 7 L $$aEtelä-Afrikka$$2ysa
000400917 650 7 L $$asukupuolisyrjintä$$2ysa
000400917 650 7 L $$apoliittinen kontrolli$$2ysa
000400917 650 7 L $$aPohjois-Amerikka$$2ysa
000400917 650 7 L $$aEtelä-Amerikka$$2ysa
000400917 650 7 L $$aAasia$$2ysa
000400917 650 7 L $$aEurooppa$$2ysa
000400917 650 7 L $$ayhteiskuntakritiikki$$2ysa
000400917 650 7 L $$acensur$$2allars
000400917 65007 L $$acensur$$xmusik$$2allars
000400917 65007 L $$amusiksociologi$$2allars
000400917 65007 L $$amusikpolitik$$2allars
000400917 650 7 L $$amusik$$xcensur$$2allars
000400917 65000 L $$aMusic$$xSocial aspects.
000400917 65000 L $$aCensorship.
000400917 65000 L $$aMusic$$xCensorship.
000400917 65000 L $$aMusic$$xMoral and ethical aspects.
000400917 651 7 L $$aYhdysvallat$$2ysa
000400917 651 7 L $$amusiikki$$xsensuuri$$zAasia$$2ysa
000400917 651 7 L $$amusiikki$$xsensuuri$$zAfrikka$$2ysa
000400917 651 7 L $$amusiikki$$xsensuuri$$zLähi-itä$$2ysa
000400917 651 7 L $$amusiikki$$xsensuuri$$zPohjois-Amerikka$$2ysa
000400917 651 7 L $$amusiikki$$xsensuuri$$zEtelä-Amerikka$$2ysa
000400917 651 7 L $$amusiikki$$xsensuuri$$zEurooppa$$2ysa
000400917 651 7 L $$aEurooppa$$2ysa$$9FENNI<KEEP>
000400917 651 7 L $$aEtelä-Amerikka$$2ysa$$9FENNI<KEEP>
000400917 651 7 L $$aLähi-itä$$2ysa$$9FENNI<KEEP>
000400917 651 7 L $$aPakistan$$2ysa
000400917 651 7 L $$aAasia$$2ysa$$9FENNI<KEEP>
000400917 651 7 L $$aAfrikka$$2ysa$$9FENNI<KEEP>
000400917 651 7 L $$aEtelä-Afrikka$$2ysa
000400917 651 7 L $$aPohjois-Amerikka$$2ysa$$9FENNI<KEEP>
000400917 655 7 L $$asamlingsverk$$2allars
000400917 655 7 L $$akokoomateokset$$2ysa
000400917 7001  L $$aKorpe, Marie,$$d1952-,$$etoimittaja.
000400917 7001  L $$aSola, Hanna,$$ekääntäjä.
000400917 7400  L $$aMusiikkisensuuri nykypäivänä.
000400917 901   L $$aMU20060207$$5FENNI
