000967113 FMT   L BK
000967113 LDR   L ^^^^^cam^a2200661^i^4500
000967113 001   L 000967113
000967113 005   L 20151225211747.0
000967113 008   L 060613s2004^^^^fi^|||||||||||||||||fin|^
000967113 015   L $$afx828343$$2skl
000967113 020   L $$a952-91-6950-7$$qnidottu
000967113 020   L $$a952-91-6951-5$$qPDF
000967113 035   L $$a(FI-MELINDA)000967113
000967113 040   L $$aFI-NL
000967113 0411  L $$afin$$heng
000967113 042   L $$afinb
000967113 072 7 L $$a75.2$$2kkaa
000967113 080   L $$a658$$9FENNI<KEEP>
000967113 1001  L $$aClifford, Stephen.
000967113 24510 L $$aYrittäjäpolven vaihdos :$$byrittäjän opas /$$ckirjoittanut: Stephen Clifford ; toimittanut: Alex J. Teodosio ; [suomennos ja Suomen olosuhteisiin sovitus:] Erkki K. Kangas.
000967113 260   L $$a[Pori, Teljänkatu 8] :$$b[Sataosaajat osuuskunta],$$c2004$$f(Ai-Ri Offset)
000967113 300   L $$a99 s. :$$bkuvitettu ;$$c30 cm
000967113 336   L $$ateksti$$btxt$$2rdacontent
000967113 337   L $$akäytettävissä ilman laitetta$$bn$$2rdamedia
000967113 338   L $$anide$$bnc$$2rdacarrier
000967113 500   L $$aAlkuteos: An owner's guide to business succession planning.$$9FENNI<KEEP>
000967113 530   L $$aMyös verkkoaineistona.$$9FENNI<KEEP>
000967113 530   L $$aMyös verkkoaineistona (ISBN 952-91-6951-5 (PDF)).
000967113 650 7 L $$ayrittäjät$$2ysa$$9FENNI<KEEP>
000967113 650 7 L $$ayritykset$$2ysa$$9FENNI<KEEP>
000967113 650 7 L $$aomistajanvaihdos$$2ysa$$9FENNI<KEEP>
000967113 650 7 L $$asukupolvenvaihdos$$2ysa$$9FENNI<KEEP>
000967113 650 7 L $$abyte av ägare$$2allars
000967113 650 7 L $$aföretag$$2allars
000967113 7001  L $$aTeodosio, Alex J.
000967113 7001  L $$aKangas, Erkki K.
000967113 7102  L $$aSataosaajat(osuuskunta).
000967113 901   L $$aMM20061026$$5FENNI
000967113 901   L $$aMU20060810$$5FENNI
